@book{marr_vision_2010,
	title = {Vision: A computational investigation into the human representation and processing of visual information},
	shorttitle = {Vision},
	publisher = {{MIT} press},
	author = {Marr, David},
	date = {2010},

}

@book{burkov2019hundred,
  title={The hundred-page machine learning book},
  author={Burkov, Andriy},
  volume={1},
  year={2019},
  publisher={Andriy Burkov Quebec City, QC, Canada}
}


@book{steger_machine_2018,
	title = {Machine Vision Algorithms and Applications},
	isbn = {978-3-527-41365-2},
	pagetotal = {518},
	publisher = {John Wiley \& Sons},
	author = {Steger, Carsten and Ulrich, Markus and Wiedemann, Christian},
	date = {2018-03-12},
	langid = {english},
	note = {Google-Books-{ID}: {tppFDwAAQBAJ}},
	keywords = {Science / Physics / Electromagnetism, Science / Physics / Optics \& Light},
}


@book{jain_machine_1995,
	title = {Machine vision},
	volume = {5},
	publisher = {{McGraw}-hill New York},
	author = {Jain, Ramesh and Kasturi, Rangachar and Schunck, Brian G.},
	date = {1995},

}

@article{wiley_computer_2018,
	title = {Computer vision and image processing: a paper review},
	volume = {2},
	shorttitle = {Computer vision and image processing},
	pages = {29--36},
	number = {1},
	journaltitle = {International Journal of Artificial Intelligence Research},
	author = {Wiley, Victor and Lucas, Thomas},
	date = {2018},

}

@article{oshea_introduction_2015,
	title = {An introduction to convolutional neural networks},
	journaltitle = {{arXiv} preprint {arXiv}:1511.08458},
	author = {O'Shea, Keiron and Nash, Ryan},
	date = {2015},

}

@article{guo_deep_2016,
	title = {Deep learning for visual understanding: A review},
	volume = {187},
	shorttitle = {Deep learning for visual understanding},
	pages = {27--48},
	journaltitle = {Neurocomputing},
	author = {Guo, Yanming and Liu, Yu and Oerlemans, Ard and Lao, Songyang and Wu, Song and Lew, Michael S.},
	date = {2016},
	note = {Publisher: Elsevier},

}


@article{voulodimos_deep_2018,
	title = {Deep learning for computer vision: A brief review},
	volume = {2018},
	shorttitle = {Deep learning for computer vision},
	journaltitle = {Computational intelligence and neuroscience},
	author = {Voulodimos, Athanasios and Doulamis, Nikolaos and Doulamis, Anastasios and Protopapadakis, Eftychios},
	date = {2018},
	note = {Publisher: Hindawi},
}

@article{canny_computational_1986,
	title = {A computational approach to edge detection},
	pages = {679--698},
	number = {6},
	journaltitle = {{IEEE} Transactions on pattern analysis and machine intelligence},
	author = {Canny, John},
	date = {1986},
	note = {Publisher: Ieee},

}

@inproceedings{harris1988combined,
  title={A combined corner and edge detector},
  author={Harris, Chris and Stephens, Mike and others},
  booktitle={Alvey vision conference},
  volume={15},
  number={50},
  pages={10--5244},
  year={1988},
  organization={Citeseer}
}

@inproceedings{lowe1999object,
  title={Object recognition from local scale-invariant features},
  author={Lowe, David G},
  booktitle={Proceedings of the seventh IEEE international conference on computer vision},
  volume={2},
  pages={1150--1157},
  year={1999},
  organization={Ieee}
}

@inproceedings{rublee2011orb,
  title={ORB: An efficient alternative to SIFT or SURF},
  author={Rublee, Ethan and Rabaud, Vincent and Konolige, Kurt and Bradski, Gary},
  booktitle={2011 International conference on computer vision},
  pages={2564--2571},
  year={2011},
  organization={Ieee}
}

@article{bay2008speeded,
  title={Speeded-up robust features (SURF)},
  author={Bay, Herbert and Ess, Andreas and Tuytelaars, Tinne and Van Gool, Luc},
  journal={Computer vision and image understanding},
  volume={110},
  number={3},
  pages={346--359},
  year={2008},
  publisher={Elsevier}
}

@book{brunelli2009template,
  title={Template matching techniques in computer vision: theory and practice},
  author={Brunelli, Roberto},
  year={2009},
  publisher={John Wiley \& Sons}
}

@article{cortes1995support,
  title={Support-vector networks},
  author={Cortes, Corinna and Vapnik, Vladimir},
  journal={Machine learning},
  volume={20},
  pages={273--297},
  year={1995},
  publisher={Springer}
}

@inproceedings{redmon2016you,
  title={You only look once: Unified, real-time object detection},
  author={Redmon, Joseph and Divvala, Santosh and Girshick, Ross and Farhadi, Ali},
  booktitle={Proceedings of the IEEE conference on computer vision and pattern recognition},
  pages={779--788},
  year={2016}
}

@article{guo2019degraded,
  title={Degraded image semantic segmentation with dense-gram networks},
  author={Guo, Dazhou and Pei, Yanting and Zheng, Kang and Yu, Hongkai and Lu, Yuhang and Wang, Song},
  journal={IEEE Transactions on Image Processing},
  volume={29},
  pages={782--795},
  year={2019},
  publisher={IEEE}
}

@inproceedings{ronneberger2015u,
  title={U-net: Convolutional networks for biomedical image segmentation},
  author={Ronneberger, Olaf and Fischer, Philipp and Brox, Thomas},
  booktitle={Medical Image Computing and Computer-Assisted Intervention--MICCAI 2015: 18th International Conference, Munich, Germany, October 5-9, 2015, Proceedings, Part III 18},
  pages={234--241},
  year={2015},
  organization={Springer}
}

@misc{opencv, title={Template matching}, url={https://docs.opencv.org/3.4/d4/dc6/tutorial_py_template_matching.html}, journal={OpenCV}} 

@misc{nitish_2017, title={Object detection and image segmentation}, url={https://nitishpuri.github.io/posts/machine-intelligence/object-detection-and-image-segmentation/}, journal={nitishpuri.github.io}, author={Nitish}, year={2017}, month={Sep}} 

@inproceedings{jin2001content,
  title={Content-based objects detection for the recognition of building images},
  author={Jin, Haomin and Sakauchi, Masao},
  booktitle={Proceedings 2001 International Conference on Image Processing (Cat. No. 01CH37205)},
  volume={2},
  pages={705--708},
  year={2001},
  organization={IEEE}
}

@inproceedings{sirmacek2011detection,
  title={Detection of windows and doors from thermal images by grouping geometrical features},
  author={Sirmacek, Beril and Hoegner, Ludwig and Stilla, Uwe},
  booktitle={2011 Joint Urban Remote Sensing Event},
  pages={133--136},
  year={2011},
  organization={IEEE}
}

@inproceedings{wang2011appling,
  title={Appling semantic method to windows detection in facade},
  author={Wang, Xi and Wen, Kun-Li and Ying, Xiang-Hua and Chen, Huo-Cheng},
  booktitle={2011 IEEE/SICE International Symposium on System Integration (SII)},
  pages={837--841},
  year={2011},
  organization={IEEE}
}

@inproceedings{recky2010windows,
  title={Windows detection using k-means in cie-lab color space},
  author={Recky, Michal and Leberl, Franz},
  booktitle={2010 20th International Conference on Pattern Recognition},
  pages={356--359},
  year={2010},
  organization={IEEE}
}

@inproceedings{thaipisutikul2021door,
  title={A Door Detection System for Convenience Stores in Taiwan},
  author={Thaipisutikul, Tipajin and Prompol, Kanatip and Lin, Chih-Yang and Chang, Wen-Thong and Muchtar, Kahlil},
  booktitle={2021 International Conference on Computer System, Information Technology, and Electrical Engineering (COSITE)},
  pages={24--29},
  year={2021},
  organization={IEEE}
}

@inproceedings{bayomi2022building,
  title={Building Envelope Object Detection Using YOLO Models},
  author={Bayomi, Norhan and El Kholy, Mohanned and Fernandez, John E and Velipasalar, Senem and Rakha, Tarek},
  booktitle={2022 Annual Modeling and Simulation Conference (ANNSIM)},
  pages={617--630},
  year={2022},
  organization={IEEE}
}

@inproceedings{wang2019region,
  title={Region proposal by guided anchoring},
  author={Wang, Jiaqi and Chen, Kai and Yang, Shuo and Loy, Chen Change and Lin, Dahua},
  booktitle={Proceedings of the IEEE/CVF Conference on Computer Vision and Pattern Recognition},
  pages={2965--2974},
  year={2019}
}
@inproceedings{lin2017focal,
  title={Focal loss for dense object detection},
  author={Lin, Tsung-Yi and Goyal, Priya and Girshick, Ross and He, Kaiming and Doll{\'a}r, Piotr},
  booktitle={Proceedings of the IEEE international conference on computer vision},
  pages={2980--2988},
  year={2017}
}
@inproceedings{tan2020efficientdet,
  title={Efficientdet: Scalable and efficient object detection},
  author={Tan, Mingxing and Pang, Ruoming and Le, Quoc V},
  booktitle={Proceedings of the IEEE/CVF conference on computer vision and pattern recognition},
  pages={10781--10790},
  year={2020}
}
@inproceedings{liu2016ssd,
  title={Ssd: Single shot multibox detector},
  author={Liu, Wei and Anguelov, Dragomir and Erhan, Dumitru and Szegedy, Christian and Reed, Scott and Fu, Cheng-Yang and Berg, Alexander C},
  booktitle={Computer Vision--ECCV 2016: 14th European Conference, Amsterdam, The Netherlands, October 11--14, 2016, Proceedings, Part I 14},
  pages={21--37},
  year={2016},
  organization={Springer}
}
@article{redmon2018yolov3,
  title={Yolov3: An incremental improvement},
  author={Redmon, Joseph and Farhadi, Ali},
  journal={arXiv preprint arXiv:1804.02767},
  year={2018}
}
@article{bochkovskiy2020yolov4,
  title={Yolov4: Optimal speed and accuracy of object detection},
  author={Bochkovskiy, Alexey and Wang, Chien-Yao and Liao, Hong-Yuan Mark},
  journal={arXiv preprint arXiv:2004.10934},
  year={2020}
}
@misc{ultralytics, title={Ultralytics/yolov5: Yolov5 in PyTorch ; ONNX ; CoreML ; TFLite}, url={https://github.com/ultralytics/yolov5}, journal={GitHub}, author={Ultralytics}}

@misc{redmon, url={https://pjreddie.com/darknet/yolo/}, journal={Yolo: Real-time object detection}, author={Redmon, Joseph}} 